@book{Microservice_book,
  author    = {Nadareishvili, Irakli Mitra, Ronnie Mclarty and Matt Amundsen and Mike},
  title     = {Microservice Architecture: Aligning Principles, Practices, and Culture},
  publisher = {Oâ€™Reilly Media},
  year      = {2016}
}

@online{Kernel_exploitation,
  author   = {xairy},
  title    = {Linux Kernel Exploitation},
  url      = {https://github.com/xairy/linux-kernel-exploitation},
  keywords = {Memory corruption, privileges, TCP}
}

@conference{Study_Dirty_Cow,
  author     = {Delwar Alam, Moniruz Zaman, Tanjila Farah},
  title      = {Study of the Dirty Copy On Write, A Linux Kernel Memory Allocation Vulnerability},
  conference = {EasyChair for CEEIT 2017},
  year       = {2017},
  url        = {https://ieeexplore.ieee.org/abstract/document/7530217}
}

@conference{root_exploit,
  author = {A.P. Saleel, Mohamed Nazeer, Babak D. Beheshti},
  title  = {Linux kernel OS local root exploit},
  year   = {2017},
  url    = {https://ieeexplore.ieee.org/document/8001953}
}

@conference{Fuzzing,
  author = {P.A. Teplyuk, A.G. Yakunin, E.V. Sharlaev},
  title  = {Study of Security Flaws in the Linux Kernel by Fuzzing},
  year   = {2020},
  url    = {https://ieeexplore.ieee.org/document/9271516}
}

@article{Optimizing,
  author  = {Youhuizi Li, Jiancheng Zhang, Congfeng Jiang},
  title   = {PINE: Optimizing Performance Isolation in Container Environments},
  journal = {IEEE Access},
  volume  = {7},
  number  = {18526707},
  year    = {2019}
}

@article{Access_Control_Architecture,
  author  = {Sung-Hwa Han, Hoo-Ki Lee, Sung-Taek Lee},
  title   = {Container Image Access Control Architecture to Protect Applications},
  journal = {IEEE Access},
  volume  = {8},
  number  = {19980335},
  year    = {2020}
}

@article{Road_Ahead,
  author  = {Sari Sultan, Imtiaz Ahmad, Tassos Dimitriou},
  title   = {Container Security: Issues, Challenges, and the Road Ahead},
  journal = {IEEE Access},
  volume  = {7},
  number  = {18620110},
  year    = {2019}
}

@misc{DEFCON26_workshop,
  author       = {DEFCON},
  title        = {Attacking \& Auditing Docker Containers Using Open Source},
  howpublished = {Workshop},
  year         = {2019},
  url          = {https://defcon.org/html/defcon-26/dc-26-workshops.html#akula}
}

@misc{DEFCON27_workshop,
  author       = {DEFCON},
  title        = {Breaking and Pwning Docker Containers and Kubernetes Clusters},
  howpublished = {Workshop},
  year         = {2020},
  url          = {https://www.defcon.org/html/defcon-27/dc-27-workshops.html}
}

%
@misc{BlackHat2018,
  author       = {Wesley McGrew},
  title        = {An Attacker Looks At Docker},
  howpublished = {Conference},
  year         = {2018},
  url          = {https://i.blackhat.com/us-18/Thu-August-9/us-18-McGrew-An-Attacker-Looks-At-Docker-Approaching-Multi-Container-Applications.pdf}
}

@misc{BlackHat2019,
  author       = {Brandon Edwards, Nick Freeman},
  title        = {A Compendium of Container Escapes},
  howpublished = {Conference},
  year         = {2019},
  url          = {https://www.blackhat.com/us-19/briefings/schedule/#a-compendium-of-container-escapes-16091}
}

@misc{BlackHat2020,
  author       = {Sheila A. Berta},
  title        = {Defending Containers Like a Ninja: A Walk through the Advanced Security Features of Docker \& Kubernetes},
  howpublished = {Conference},
  year         = {2020},
  url          = {https://www.blackhat.com/us-20/briefings/schedule/#defending-containers-like-a-ninja-a-walk-through-the-advanced-security-features-of-docker--kubernetes-20153}
}