@conference{root_exploit,
  author = {A.P. Saleel, Mohamed Nazeer, Babak D. Beheshti},
  title  = {Linux kernel OS local root exploit},
  year   = {2017},
  url    = {https://ieeexplore.ieee.org/document/8001953}
}

@inproceedings{Measurement,
  author    = {Lin, Xin and Lei, Lingguang and Wang, Yuewu and Jing, Jiwu and Sun, Kun and Zhou, Quan},
  title     = {A Measurement Study on Linux Container Security: Attacks and Countermeasures},
  year      = {2018},
  isbn      = {9781450365697},
  publisher = {Association for Computing Machinery},
  address   = {New York, NY, USA},
  url       = {https://doi.org/10.1145/3274694.3274720},
  doi       = {10.1145/3274694.3274720},
  pages     = {418â€“429},
  numpages  = {12},
  keywords  = {Container, Privilege Escalation, Kernel Security Mechanisms},
  location  = {San Juan, PR, USA},
  series    = {ACSAC '18}
}

@inproceedings{Offloading,
  author    = {S. {Wu} and C. {Niu} and J. {Rao} and H. {Jin} and X. {Dai}},
  booktitle = {2017 IEEE International Parallel and Distributed Processing Symposium (IPDPS)},
  title     = {Container-Based Cloud Platform for Mobile Computation Offloading},
  year      = {2017},
  volume    = {},
  number    = {},
  pages     = {123-132},
  doi       = {10.1109/IPDPS.2017.47}
}
