@online{Dirty_CoW,
  author   = {Dirty CoW},
  title    = {Dirty CoW CVE-2016-5195},
  url      = {https://dirtycow.ninja/},
  keywords = {dirtycow, CoW}
}
