@article{Access_Control_Architecture,
  author  = {Sung-Hwa Han, Hoo-Ki Lee, Sung-Taek Lee},
  title   = {Container Image Access Control Architecture to Protect Applications},
  journal = {IEEE Access},
  volume  = {8},
  number  = {19980335},
  year    = {2020}
}

@inproceedings{217614,
  author    = {Yuqiong Sun and David Safford and Mimi Zohar and Dimitrios Pendarakis and Zhongshu Gu and Trent Jaeger},
  title     = {Security Namespace: Making Linux Security Frameworks Available to Containers},
  booktitle = {27th {USENIX} Security Symposium ({USENIX} Security 18)},
  year      = {2018},
  isbn      = {978-1-939133-04-5},
  address   = {Baltimore, MD},
  pages     = {1423--1439},
  url       = {https://www.usenix.org/conference/usenixsecurity18/presentation/sun},
  publisher = {{USENIX} Association},
  month     = aug
}

@article{Gao2017ContainerLeaksES,
  title   = {ContainerLeaks: Emerging Security Threats of Information Leakages in Container Clouds},
  author  = {Xing Gao and Zhongshu Gu and M. Kayaalp and D. Pendarakis and Haining Wang},
  journal = {2017 47th Annual IEEE/IFIP International Conference on Dependable Systems and Networks (DSN)},
  year    = {2017},
  pages   = {237-248}
}